@misc{attention,
  title         = {Neural Machine Translation by Jointly Learning to Align and Translate},
  author        = {Dzmitry Bahdanau and Kyunghyun Cho and Yoshua Bengio},
  year          = {2016},
  eprint        = {1409.0473},
  archiveprefix = {arXiv},
  primaryclass  = {cs.CL}
}
