@INPROCEEDINGS{classification,
	author={N. {Tsagkas} and P. {Tsinganos} and A. {Skodras}},
	booktitle={2019 10th International Conference on Information, Intelligence, Systems and Applications (IISA)}, 
	title={On the Use of Deeper CNNs in Hand Gesture Recognition Based on sEMG Signals}, 
	year={2019},
	volume={},
	number={},
	pages={1-4},
	doi={10.1109/IISA.2019.8900709}}

@article{principe,
  author  = {Atzori, Manfredo and Gijsberts, Arjan and Castellini, Claudio and Caputo, Barbara and Mittaz Hager, Anne-Gabrielle and Elsig, Simone and Giatsidis, Giorgio and Bassetto, Franco and Muller, Henning},
  year    = {2014},
  month   = {12},
  pages   = {},
  title   = {Electromyography data for non-invasive naturally-controlled Robotic hand prostheses},
  volume  = {1},
  journal = {Nature},
  doi     = {10.1038/sdata.2014.53}
}
@inproceedings{database,
  author    = {M. {Atzori} and A. {Gijsberts} and S. {Heynen} and A. M. {Hager} and O. {Deriaz} and P. {van der Smagt} and C. {Castellini} and B. {Caputo} and H. {Muller}},
  booktitle = {2012 4th IEEE RAS   EMBS International Conference on Biomedical Robotics and Biomechatronics (BioRob)},
  title     = {Building the Ninapro database: A resource for the biorobotics community},
  year      = {2012},
  volume    = {},
  number    = {},
  pages     = {1258-1265},
  doi       = {10.1109/BioRob.2012.6290287}
}
@INPROCEEDINGS{Quivira,
	author={F. {Quivira} and T. {Koike-Akino} and Y. {Wang} and D. {Erdogmus}},
	booktitle={2018 IEEE EMBS International Conference on Biomedical   Health Informatics (BHI)}, 
	title={Translating sEMG signals to continuous hand poses using recurrent neural networks}, 
	year={2018},
	volume={},
	number={},
	pages={166-169},
	doi={10.1109/BHI.2018.8333395}}

@INPROCEEDINGS{Koch,
	author={P. {Koch} and M. {Dreier} and A. {Larsen} and T. J. {Parbs} and M. {Maass} and H. {Phan} and A. {Mertins}},
	booktitle={2020 42nd Annual International Conference of the IEEE Engineering in Medicine   Biology Society (EMBC)}, 
	title={Regression of Hand Movements from sEMG Data with Recurrent Neural Networks}, 
	year={2020},
	volume={},
	number={},
	pages={3783-3787},
	doi={10.1109/EMBC44109.2020.9176278}}


